@book{Durrett19,
    author = {Rick Durrett},
    title = {Probability: Theory and Examples},
    year = {2019},
    url = {https://services.math.duke.edu/~rtd/PTE/PTE5_011119.pdf},
}

@book{hall1980martingale,
    title = {Martingale Limit Theory and Its Application},
    author = {Hall, P. and Heyde, C.C.},
    isbn = {9781483240244},
    lccn = {80000536},
    series = {Probability and mathematical statistics},
    url = {
           http://www.stat.yale.edu/~mjk56/MartingaleLimitTheoryAndItsApplication.pdf
           },
    year = {1980},
    publisher = {Academic Press},
}
